<collection xmlns="http://www.loc.gov/MARC21/slim">
<record>
  <leader>01794nam0a22003131i 450 </leader>
  <controlfield tag="001">IT\ICCU\CNCE\034465</controlfield>
  <controlfield tag="005">20080206000000.0</controlfield>
  <datafield tag="012" ind1=" " ind2=" ">
    <subfield code="a">a-a- usu- isis uoru (3) 1517 (R)</subfield>
    <subfield code="2">fei</subfield>
  </datafield>
  <datafield tag="100" ind1=" " ind2=" ">
    <subfield code="a">19971231d1517        0itac0103    ba</subfield>
  </datafield>
  <datafield tag="101" ind1=" " ind2=" ">
    <subfield code="a">LAT</subfield>
  </datafield>
  <datafield tag="102" ind1=" " ind2=" ">
    <subfield code="a">IT</subfield>
  </datafield>
  <datafield tag="200" ind1="1" ind2=" ">
    <subfield code="a">℗Fortunius Garcia ℗Consultus Hispanus de vltimo fine iuris canonici &amp; ciuilis. de primo principio: &amp; subsequentibus preceptis. de deriuatione &amp; differentis vtriusque iuris &amp; quid sit tenendum ipsa iusticia. Commentaria eiusdem Fortunii Garcia super titulode iusticia &amp; iure vsque ad. l. ex hoc iure</subfield>
  </datafield>
  <datafield tag="210" ind1=" " ind2=" ">
    <subfield code="a">Bononiae</subfield>
    <subfield code="c">per Iustinianum Leonardi Ruberiensem</subfield>
    <subfield code="d">1517 quinto idus Februarii</subfield>
  </datafield>
  <datafield tag="215" ind1=" " ind2=" ">
    <subfield code="a">LX, VI c.</subfield>
    <subfield code="d">fol</subfield>
  </datafield>
  <datafield tag="620" ind1=" " ind2=" ">
    <subfield code="a">IT</subfield>
    <subfield code="d">Bologna</subfield>
  </datafield>
  <datafield tag="700" ind1=" " ind2="1">
    <subfield code="a">Garcia de Ercilla,</subfield>
    <subfield code="b">Fortn͠</subfield>
    <subfield code="3">IT\ICCU\CNCA\005871</subfield>
  </datafield>
  <datafield tag="712" ind1="0" ind2="2">
    <subfield code="a">Giustiniano da Rubiera</subfield>
    <subfield code="3">IT\ICCU\CNCT\000178</subfield>
    <subfield code="4">650</subfield>
  </datafield>
  <datafield tag="790" ind1=" " ind2="1">
    <subfield code="a">Garcia,</subfield>
    <subfield code="b">Fortunius</subfield>
    <subfield code="3">IT\ICCU\CNCA\005872</subfield>
    <subfield code="z">Garcia de Ercilla, Fortn͠</subfield>
  </datafield>
  <datafield tag="790" ind1=" " ind2="1">
    <subfield code="a">Garcia de Ercilla y Arteaga,</subfield>
    <subfield code="b">Fortunio</subfield>
    <subfield code="3">IT\ICCU\CNCA\018987</subfield>
    <subfield code="z">Garcia de Ercilla, Fortn͠</subfield>
  </datafield>
  <datafield tag="791" ind1="0" ind2="2">
    <subfield code="a">Iustinianus Leonardi Ruberiensis</subfield>
    <subfield code="3">IT\ICCU\CNCT\002726</subfield>
    <subfield code="z">Giustiniano da Rubiera</subfield>
  </datafield>
  <datafield tag="791" ind1="0" ind2="0">
    <subfield code="a">Rubiera, Giustiniano da</subfield>
    <subfield code="3">IT\ICCU\CNCT\003827</subfield>
    <subfield code="z">Giustiniano da Rubiera</subfield>
  </datafield>
  <datafield tag="791" ind1="0" ind2="0">
    <subfield code="a">Heriberia, Iustinianus de</subfield>
    <subfield code="3">IT\ICCU\CNCT\004942</subfield>
    <subfield code="z">Giustiniano da Rubiera</subfield>
  </datafield>
  <datafield tag="791" ind1="0" ind2="0">
    <subfield code="a">Ruberiensis, Iustinianus</subfield>
    <subfield code="3">IT\ICCU\CNCT\004943</subfield>
    <subfield code="z">Giustiniano da Rubiera</subfield>
  </datafield>
  <datafield tag="791" ind1="0" ind2="0">
    <subfield code="a">Ruberia, Iustiniano de</subfield>
    <subfield code="3">IT\ICCU\CNCT\004947</subfield>
    <subfield code="z">Giustiniano da Rubiera</subfield>
  </datafield>
  <datafield tag="801" ind1=" " ind2="3">
    <subfield code="a">IT</subfield>
    <subfield code="b">ICCU</subfield>
    <subfield code="c">20201114</subfield>
  </datafield>
  <datafield tag="899" ind1=" " ind2=" ">
    <subfield code="a">Biblioteca del Reale Collegio di Spagna. Bologna</subfield>
    <subfield code="1">BO0374</subfield>
    <subfield code="2">ZBO 04</subfield>
  </datafield>
  <datafield tag="899" ind1=" " ind2=" ">
    <subfield code="a"></subfield>
    <subfield code="1">BS0156</subfield>
    <subfield code="2">ZBS 07</subfield>
  </datafield>
  <datafield tag="899" ind1=" " ind2=" ">
    <subfield code="a">Biblioteca Lancisiana. Roma</subfield>
    <subfield code="1">RM0260</subfield>
    <subfield code="2">RMS H8</subfield>
  </datafield>
  <datafield tag="899" ind1=" " ind2=" ">
    <subfield code="a">Biblioteca statale del Monumento nazionale S. Scolastica. Subiaco</subfield>
    <subfield code="1">RM0602</subfield>
    <subfield code="2">BVE SU</subfield>
  </datafield>
</record>
</collection>
